%% This BibTeX bibliography file was created using BibDesk.
%% https://bibdesk.sourceforge.io/

%% Created for 翁君牧 at 2022-11-16 01:25:26 +0800 


%% Saved with string encoding Unicode (UTF-8) 



@article{4767851,
	author = {Canny, John},
	date-added = {2022-11-16 01:24:38 +0800},
	date-modified = {2022-11-16 01:24:38 +0800},
	doi = {10.1109/TPAMI.1986.4767851},
	journal = {IEEE Transactions on Pattern Analysis and Machine Intelligence},
	number = {6},
	pages = {679-698},
	title = {A Computational Approach to Edge Detection},
	volume = {PAMI-8},
	year = {1986},
	Bdsk-Url-1 = {https://doi.org/10.1109/TPAMI.1986.4767851}}

@article{888718,
	author = {Zhang, Z.},
	date-added = {2022-11-16 00:51:24 +0800},
	date-modified = {2022-11-16 00:51:24 +0800},
	doi = {10.1109/34.888718},
	journal = {IEEE Transactions on Pattern Analysis and Machine Intelligence},
	number = {11},
	pages = {1330-1334},
	title = {A flexible new technique for camera calibration},
	volume = {22},
	year = {2000},
	Bdsk-Url-1 = {https://doi.org/10.1109/34.888718}}

@article{cc_pdf,
	author = {Zisserman, Andrew},
	date-added = {2022-11-15 21:36:31 +0800},
	date-modified = {2022-11-15 21:38:34 +0800},
	journal = {Lecture Notes, Robotics Research Group, University of Oxford},
	month = {4},
	title = {Geometric Framework for Vision I: Single View and Two-View Geometry},
	url = {http://cg.elte.hu/~hajder/latas/epipolar.pdf},
	year = {1997},
	Bdsk-Url-1 = {http://cg.elte.hu/~hajder/latas/epipolar.pdf}}

@online{cc,
	author = {Andrew Zisserman},
	date-added = {2022-11-15 21:04:18 +0800},
	date-modified = {2022-11-15 21:37:37 +0800},
	month = {4},
	read = {0},
	title = {Camera Calibration},
	url = {https://homepages.inf.ed.ac.uk/rbf/CVonline/LOCAL_COPIES/EPSRC_SSAZ/node5.html#SECTION00050000000000000000},
	year = {1997},
	Bdsk-Url-1 = {https://homepages.inf.ed.ac.uk/rbf/CVonline/LOCAL_COPIES/EPSRC_SSAZ/node5.html#SECTION00050000000000000000}}

@inproceedings{st,
	author = {Jianbo Shi and Tomasi},
	booktitle = {1994 Proceedings of IEEE Conference on Computer Vision and Pattern Recognition},
	date-added = {2022-11-15 20:45:07 +0800},
	date-modified = {2022-11-15 21:00:54 +0800},
	doi = {10.1109/CVPR.1994.323794},
	pages = {593-600},
	title = {Good features to track},
	year = {1994},
	Bdsk-Url-1 = {https://doi.org/10.1109/CVPR.1994.323794}}

@online{opencv,
	date-added = {2022-11-15 17:44:23 +0800},
	date-modified = {2022-11-15 17:57:07 +0800},
	read = {0},
	title = {OpenCV: Shi-Tomasi Corner Detector \& Good Features to Track},
	url = {https://docs.opencv.org/3.4/d4/d8c/tutorial_py_shi_tomasi.html},
	Bdsk-Url-1 = {https://docs.opencv.org/3.4/d4/d8c/tutorial_py_shi_tomasi.html}}

@online{lstsq,
	date-modified = {2022-11-15 17:56:57 +0800},
	title = {numpy.linalg.lstsq --- NumPy v1.23 Manual},
	url = {https://numpy.org/doc/stable/reference/generated/numpy.linalg.lstsq.html},
	Bdsk-Url-1 = {https://numpy.org/doc/stable/reference/generated/numpy.linalg.lstsq.html}}
